<?xml version="1.0" encoding="UTF-8"?><collection xmlns="http://www.loc.gov/MARC21/slim"><record><leader>00509nam--2200169-i-4500</leader><controlfield tag="001">000008933</controlfield><controlfield tag="002">20161230</controlfield><controlfield tag="005">20170306185209</controlfield><controlfield tag="008">060222s1000------------r-----000-0-eng-d</controlfield><datafield ind1=" " ind2=" " tag="100"><subfield code="a">Dummer, Geoffrey W. A</subfield></datafield><datafield ind1=" " ind2=" " tag="245"><subfield code="a">Electronics reliability. Calculation and design</subfield></datafield><datafield ind1=" " ind2=" " tag="260"><subfield code="a">Oxford</subfield><subfield code="b">Pergamon Press</subfield><subfield code="c">1966</subfield></datafield><datafield ind1=" " ind2=" " tag="300"><subfield code="a">IX+238 p</subfield></datafield><datafield ind1=" " ind2=" " tag="490"><subfield code="a">The Commonwealtlh And International Library, Electrical Engineering Division</subfield></datafield><datafield ind1=" " ind2=" " tag="700"><subfield code="a">Griffin, Norman B</subfield></datafield><datafield ind1=" " ind2=" " tag="852"><subfield code="a">621.38</subfield></datafield><datafield ind1=" " ind2=" " tag="CAT"><subfield code="a">SYS</subfield><subfield code="c">20170306</subfield><subfield code="h">185209</subfield></datafield></record></collection>